@manual{stm8s103k3DataSheet,
  organization = {STMicroelectronics Co. LTD},
  title = {{Mainstream Access line 8-bit MCU with 8 Kbytes Flash, 16 MHz CPU, integrated EEPROM}},
  url = {http://www.st.com/resource/en/datasheet/stm8s103k3.pdf}
}

@misc{sdcc_download,
  organization = {SDCC},
  title = {{SDCC - Small Device C Compiler}},
  url = {http://sdcc.sourceforge.net/}
}

@manual{sdcc_manual,
  organization = {SDCC},
  title = {{SDCC manual}},
  url = {http://sdcc.sourceforge.net/doc/sdccman.pdf}
}

@misc{arduino_rfid,
  author = {Balboa, Miguel},
  title = {{Arduino RFID Library for MFRC522}},
  year = {2020},
  publisher = {Github},
  url = {https://github.com/miguelbalboa/rfid}
}

@misc{stm8s_flash,
  author = {Valentin Dudouyt},
  title = {{Stm8flash}},
  year = {2020},
  publisher = {Github},
  url = {https://github.com/vdudouyt/stm8flash}
}

@manual{tivac_datasheet,
  organization = {Texas Instruments},
  title = {{Getting started with the {Tiva$^{TM}$} TM4C123G Launchpad Workshop}},
  year = {2013},
  month = {11}
}

@manual{stm8s_refmanual,
  organization = {STMicroelectronics Co. LTD},
  title = {{STM8S series and STM8AF series 8-bit microcontrollers Reference Manual}},
  url = {http://www.st.com/resource/en/reference_manual/CD00190271.pdf}
}

@manual{peripheral_lib,
  organization = {STMicroelectronics Co. LTD},
  title = {{STM8S/A Standard peripheral library}},
  url = {http://www.st.com/en/embedded-software/stsw-stm8069.html}
}

@manual{lcd_datasheet,
  organization = {Shiezhen Eone Electronics Co. LTD},
  title = {{Specification for LCD Module 1602A-1}}
}
